@misc{RaspbianSite,
author = "Communaut\'e de Raspbian",
title = "FrontPage - Raspbian",
note = "[En ligne, version du 10 mars 2013]",
howpublished = {\url{http://www.raspbian.org}},
}

@misc{aboutRaspberryPi,
author = "The Raspberry Pi Foundation",
title = "About us - Raspberry Pi Foundation",
note="[En ligne, version du 10 mars 2013]",
howpublished = {\url{http://www.raspberrypi.org/about}},
}

@misc{RaspberryPiWikipedia,
author = "Communaut\'e de Wikip\'edia",
title = "Raspberry Pi - Wikip\'edia",
note = "[En ligne, version du 8 Avril 2013]",
howpublished = {\url{http://fr.wikipedia.org/wiki/Raspberry_Pi}},
}

@misc{RaspWiki,
author = "Communaut\'e de eLinux",
title = "FR:RPI Hub - eLinux.org",
note = "[En ligne, version du 17 mai 2013]",
howpublished = {\url{http://elinux.org/FR:R-Pi_Hub}},
}

@misc{KorbenRaspberryPiUsage,
author = "Korben",
title = "Plus de 50 id\'ees pour votre Raspberry Pi",
note = "[En ligne, version du 21 mai 2013]",
howpublished = {\url{http://korben.info/idees-raspberry-pi.html}},
}

@misc{WhatIsX11,
author = "X.org foundation",
title = "X.org Wiki - Home",
note = "[En ligne, version du 21 mai 2013]",
howpublished = {\url{http://www.x.org/wiki/}}
}

@misc{DictionnaireLarousse,
author = "Larousse",
title = "Dictionnaire Fran\c cais - Dictionnaires Larousse fran\c cais monolingue et bilingues en ligne",
note = "[En ligne, version du 21 mai 2013]",
howpublished = {\url{http://www.larousse.fr/dictionnaires/francais}}
}